@book{robertson2006mastering,
  title={Mastering the Requirements Process},
  author={Robertson, S. and Robertson, J.C.},
  isbn={9780132565431},
  year={2006},
  publisher={Pearson Education}
}

@article{photostudyExample,
  title={Getting the picture: Interviews and photo elicitation at Edmonton Public Library},
  author={Valerie Haberl, Policy Analyst},
  year={2012},
  journal="LIBRES Research Electronic Journal",
  volume= "22",
  number="2",
  issn="1058-6768" 
}